<record><leader>00000cas a22000007a 4500</leader><controlfield tag="001">41240113</controlfield><controlfield tag="008">990423d193519uutnu x ne      0    0eng d</controlfield><datafield ind1=" " ind2=" " tag="010"><subfield code="a">sn 99065776 </subfield></datafield><datafield ind1=" " ind2=" " tag="040"><subfield code="a">TGN</subfield><subfield code="b">eng</subfield><subfield code="c">TGN</subfield><subfield code="d">OCLCF</subfield><subfield code="d">OCLCO</subfield></datafield><datafield ind1=" " ind2=" " tag="042"><subfield code="a">msc</subfield></datafield><datafield ind1="0" ind2=" " tag="130"><subfield code="a">Mountain Man (Gatlinburg, Tenn.)</subfield></datafield><datafield ind1="0" ind2="4" tag="245"><subfield code="a">The mountain man.</subfield></datafield><datafield ind1="1" ind2=" " tag="246"><subfield code="i">Issue for Mar. 8, 1935 has title:</subfield><subfield code="a">$2.00 for a name</subfield></datafield><datafield ind1="1" ind2=" " tag="246"><subfield code="i">Issue for Mar. 22, 1935 has title:</subfield><subfield code="a">Which?</subfield></datafield><datafield ind1=" " ind2=" " tag="260"><subfield code="a">Gatlinburg, Tenn. :</subfield><subfield code="b">Gatlinburg Tabloiders,</subfield><subfield code="c">1935-</subfield></datafield><datafield ind1=" " ind2=" " tag="300"><subfield code="a">v.</subfield></datafield><datafield ind1=" " ind2=" " tag="310"><subfield code="a">Irregular</subfield></datafield><datafield ind1="0" ind2=" " tag="362"><subfield code="a">Vol. 1, no. 1 (Mar. 8, 1935)-</subfield></datafield><datafield ind1=" " ind2=" " tag="500"><subfield code="a">Editor: Mrs. Chas. Tramell, &lt;1935&gt;</subfield></datafield><datafield ind1=" " ind2=" " tag="500"><subfield code="a">Published as: $2.00 for a name, Mar. 8, 1935 and: Which?, Mar. 22, 1935 as part of a contest to name the newspaper.</subfield></datafield><datafield ind1=" " ind2=" " tag="515"><subfield code="a">"Published every now and then."</subfield></datafield><datafield ind1=" " ind2="0" tag="651"><subfield code="a">Gatlinburg (Tenn.)</subfield><subfield code="v">Newspapers.</subfield></datafield><datafield ind1=" " ind2="0" tag="651"><subfield code="a">Sevier County (Tenn.)</subfield><subfield code="v">Newspapers.</subfield></datafield><datafield ind1=" " ind2="7" tag="655"><subfield code="a">Newspapers.</subfield><subfield code="2">fast</subfield><subfield code="0">(OCoLC)fst01423814</subfield></datafield><datafield ind1=" " ind2="7" tag="651"><subfield code="a">Tennessee</subfield><subfield code="z">Gatlinburg.</subfield><subfield code="2">fast</subfield><subfield code="0">(OCoLC)fst01208259</subfield></datafield><datafield ind1=" " ind2="7" tag="651"><subfield code="a">Tennessee</subfield><subfield code="z">Sevier County.</subfield><subfield code="2">fast</subfield><subfield code="0">(OCoLC)fst01223224</subfield></datafield><datafield ind1=" " ind2=" " tag="752"><subfield code="a">United States</subfield><subfield code="b">Tennessee</subfield><subfield code="c">Sevier</subfield><subfield code="d">Gatlinburg.</subfield></datafield></record>